4588 5912
228 673 233 679 .
328 577 536 680 Coelestes
560 581 689 700 acies,
725 600 862 713 atque
886 578 934 674 in
959 577 1201 676 certamine
1225 574 1407 698 coelum,

398 781 459 872 Et
483 809 585 907 quae
609 771 801 870 coelestes
826 805 980 906 pugna
1004 769 1179 869 deceret
1202 771 1357 904 agrosl
1425 888 1431 910 Ι

330 973 538 1100 Qrantus
562 969 610 1064 in
636 967 829 1066 aethereis
854 961 972 1061 tollit
996 962 1039 1060 se
1063 961 1253 1099 Lucifer
1277 963 1437 1062 armisl

399 1169 556 1296 Atque
580 1159 672 1294 ipso
697 1155 897 1294 graditur
921 1157 997 1255 vix
1021 1155 1237 1256 Michaele
1262 1143 1437 1257 minorl

332 1356 539 1489 Qrantis,
577 1363 622 1454 δι
646 1351 788 1488 qudnr
813 1351 992 1452 funestis
1016 1357 1296 1454 concurritur
1319 1357 1406 1476 iris,

401 1555 532 1648 Dum
557 1550 673 1647 serus
698 1547 773 1644 hic
798 1544 942 1648 stellas
965 1549 1172 1682 protegit,
1208 1547 1284 1647 ille
1307 1547 1449 1684 rapitl

332 1752 464 1844 Dum
488 1741 631 1844 vulsor
656 1709 847 1865 montes,
882 1775 968 1840 ceu
993 1741 1082 1840 tela
1106 1744 1346 1878 reciproca,
1380 1743 1623 1878 torquent3

402 1947 463 2036 Et
487 1973 581 2038 non
604 1937 785 2038 mortali
808 1936 992 2072 desuper
1016 1937 1120 2070 igne
1143 1939 1339 2074 pluunt3

331 2138 426 2278 Stat
450 2132 611 2232 dubius
635 2136 710 2234 cui
734 2132 777 2232 se
800 2134 916 2266 parti
939 2132 1159 2232 concedat
1185 2136 1313 2264 Olym
1341 2170 1424 2256 ως

243 2337 247 2345 ’
403 2336 464 2426 Et
489 2329 651 2425 metuit
675 2363 838 2461 pugnae
862 2317 958 2425 non
981 2326 1195 2462 superesse
1218 2329 1318 2429 suae.

334 2531 402 2621 At
427 2519 563 2618 srmul
586 2521 635 2617 in
660 2520 781 2618 coelis
806 2523 1068 2618 MESSIAE
1093 2519 1282 2651 insignia
1306 2519 1497 2654 fulgent,

217 2841 225 2854 ἱ
404 2723 467 2814 Et
491 2751 645 2814 currus
670 2718 854 2836 animes,
889 2747 1106 2848 armaque
1128 2712 1268 2848 digna
1292 2719 1471 2838 DE03

335 2907 721 3045 Horrendsunque
745 2935 852 3009 rotae
875 2905 1076 3033 strident,
1113 2919 1159 3010 dc
1183 2907 1293 3009 saevu
1314 2932 1517 3012 rotarum

409 3114 670 3241 Erumpunt
694 3108 827 3204 torvis
849 3103 1030 3238 fulguru
1052 3104 1298 3205 luminibus
1310 3147 1329 3232 3

337 3309 398 3399 Et
422 3297 620 3404 flammae
642 3301 832 3423 vibrant,
868 3308 913 3400 dr
937 3337 1039 3399 vera
1063 3301 1259 3402 tonitrua
1282 3335 1421 3402 rauco

406 3493 623 3618 Admistis
647 3455 844 3596 flammis
866 3493 1096 3596 insonuere
1120 3497 1257 3632 polot

338 3692 518 3792 exeruit
542 3641 740 3792 attinio
760 3695 886 3792 mens
909 3695 1071 3816 omnis,
1108 3702 1154 3793 u
1177 3695 1372 3828 impetus
1394 3696 1558 3815 omnis,

406 3895 468 3985 Et
493 3883 618 3984 carso
642 3886 807 3986 dextris
830 3888 952 3984 irrita
975 3885 1270 3987 tela-cadunt,
1421 3931 1425 3942 ·

338 4077 416 4178 Ad
441 4115 593 4214 poenas
617 4077 814 4212 fugiunt,
850 4091 895 4184 δι
930 4083 1037 4214 (ceu
1061 4081 1176 4182 soret
1201 4084 1345 4183 Or'cur
1367 4081 1540 4220 asylum
1554 4078 1590 4214 l)

408 4271 595 4374 Infernis
618 4297 790 4374 certant
811 4275 1005 4376 oond'ere
1027 4275 1071 4376 se
1094 4277 1297 4380 tenebris.

340 4467 502 4567 Cedite
526 4471 715 4569 Romani
733 4473 985 4606 Scnptores,
1020 4471 1164 4570 cedite
1187 4473 1339 4594 Graii,
1390 4481 1394 4490 '

414 4671 476 4760 Et
501 4701 613 4799 quos
638 4671 781 4764 Fama
803 4669 968 4789 recens,
1004 4665 1075 4765 vel
1099 4664 1336 4766 celebravit
1357 4699 1497 4766 anus:

157 4845 165 4854 ⁸
341 4863 454 4956 Haec
479 4862 741 4995 quicunque
764 4857 896 4993 leget,
932 4857 1113 4960 tantltm
1137 4861 1339 4962 cecinisse
1362 4861 1540 4999 putabit

412 5052 674 5160 Maeom'clem
698 5061 864 5178 Ranae,
900 5057 1143 5194 Virgilium
1165 5037 1358 5159 Culices.

1242 5258 1392 5355 Sin.
1440 5257 1753 5380 Brauon,
1787 5249 1871 5406 ΙΜ.
1897 5249 1959 5348 D.
